<record><leader>00000cas a22000001a 4500</leader><controlfield tag="001">32267213</controlfield><controlfield tag="007">hd afb018baca</controlfield><controlfield tag="007">hd bfb018baaa</controlfield><controlfield tag="008">950406d18551906nyudr nea     0    0eng c</controlfield><datafield ind1=" " ind2=" " tag="010"><subfield code="a">sn 94085975 </subfield></datafield><datafield ind1=" " ind2=" " tag="040"><subfield code="a">NN</subfield><subfield code="b">eng</subfield><subfield code="c">RQM</subfield><subfield code="d">OCL</subfield><subfield code="d">OCLCQ</subfield><subfield code="d">OCLCF</subfield><subfield code="d">OCLCO</subfield></datafield><datafield ind1=" " ind2=" " tag="012"><subfield code="i">9504</subfield></datafield><datafield ind1="1" ind2=" " tag="029"><subfield code="a">AU@</subfield><subfield code="b">000020231070</subfield></datafield><datafield ind1=" " ind2=" " tag="042"><subfield code="a">pcc</subfield></datafield><datafield ind1=" " ind2=" " tag="043"><subfield code="a">n-us-ny</subfield></datafield><datafield ind1="0" ind2=" " tag="130"><subfield code="a">New York daily news (New York, N.Y. : 1855)</subfield></datafield><datafield ind1="1" ind2="0" tag="245"><subfield code="a">New York daily news</subfield><subfield code="h">[microform].</subfield></datafield><datafield ind1="3" ind2="0" tag="246"><subfield code="a">New York Sunday news</subfield></datafield><datafield ind1="3" ind2="0" tag="246"><subfield code="a">Sunday news</subfield></datafield><datafield ind1=" " ind2=" " tag="260"><subfield code="a">New York [N.Y.] :</subfield><subfield code="b">McIntire &amp; Parsons</subfield></datafield><datafield ind1=" " ind2=" " tag="300"><subfield code="a">v. ;</subfield><subfield code="c">57 cm.</subfield></datafield><datafield ind1=" " ind2=" " tag="310"><subfield code="a">Daily</subfield></datafield><datafield ind1="1" ind2=" " tag="362"><subfield code="a">Began Apr. 1855; ceased in 1906?</subfield></datafield><datafield ind1=" " ind2=" " tag="500"><subfield code="a">Publishers: McIntire &amp; Parsons, 1855-1857; W. Drake Parsons, 1857-&lt;1859&gt;; Parsons &amp; Allen, &lt;1860&gt;; W. Drake Parsons, 1860-&lt;1861&gt;; Benjamin Wood, &lt;1863-1868&gt;.</subfield></datafield><datafield ind1=" " ind2=" " tag="500"><subfield code="a">Editors: Gideon J. Tucker, &lt;1855&gt;; Benjamin Wood, &lt;1861-1876&gt;.</subfield></datafield><datafield ind1=" " ind2=" " tag="500"><subfield code="a">Sunday issue called: New York Sunday news, &lt;1867-1873&gt;; Sunday news, &lt;1881&gt;.</subfield></datafield><datafield ind1=" " ind2=" " tag="580"><subfield code="a">German ed.: New-Yorker Tages-Nachrichten.</subfield></datafield><datafield ind1=" " ind2=" " tag="588"><subfield code="a">Description based on: Vol. 1, no. 8 (Apr. 24, 1855).</subfield></datafield><datafield ind1=" " ind2=" " tag="533"><subfield code="a">Microfilm.</subfield><subfield code="m">Apr. 24,1855-Aug. 30,1905:[Gaps]</subfield><subfield code="b">New York :</subfield><subfield code="c">New York Public Library,</subfield><subfield code="d">[19--].</subfield><subfield code="e">43 microfilm reels ; 35 mm.</subfield></datafield><datafield ind1=" " ind2="0" tag="651"><subfield code="a">New York (N.Y.)</subfield><subfield code="v">Newspapers.</subfield></datafield><datafield ind1=" " ind2="7" tag="655"><subfield code="a">Newspapers.</subfield><subfield code="2">fast</subfield><subfield code="0">(OCoLC)fst01423814</subfield></datafield><datafield ind1=" " ind2="7" tag="651"><subfield code="a">New York (State)</subfield><subfield code="z">New York.</subfield><subfield code="2">fast</subfield><subfield code="0">(OCoLC)fst01204333</subfield></datafield><datafield ind1=" " ind2=" " tag="752"><subfield code="a">United States</subfield><subfield code="b">New York</subfield><subfield code="c">New York</subfield><subfield code="d">New York.</subfield></datafield><datafield ind1="0" ind2=" " tag="775"><subfield code="t">New York weekly news and national Democrat</subfield></datafield><datafield ind1="0" ind2=" " tag="775"><subfield code="t">New York weekly news (New York, N.Y. : 1856)</subfield><subfield code="w">(OCoLC)17269507</subfield></datafield><datafield ind1="0" ind2=" " tag="775"><subfield code="t">New York semi-weekly news (New York, N.Y. : 1865)</subfield></datafield><datafield ind1="1" ind2=" " tag="775"><subfield code="t">New-Yorker Tages-Nachrichten</subfield></datafield><datafield ind1="1" ind2=" " tag="776"><subfield code="c">Original</subfield><subfield code="w">(DLC)sn 83030285</subfield></datafield><datafield ind1=" " ind2=" " tag="850"><subfield code="a">NN</subfield><subfield code="a">NN (master)</subfield></datafield></record>